<?xml version="1.0" encoding="UTF-8"?><collection xmlns="http://www.loc.gov/MARC21/slim"><record><leader>00428nam--2200145-i-4500</leader><controlfield tag="001">000014196</controlfield><controlfield tag="002">20161230</controlfield><controlfield tag="005">20170304151343</controlfield><controlfield tag="008">060222s1000------------r-----000-0-eng-d</controlfield><datafield ind1=" " ind2=" " tag="100"><subfield code="a">Broadbridge, P</subfield></datafield><datafield ind1=" " ind2=" " tag="245"><subfield code="a">Existence theorems for segal quantization via spectral theory in krein space</subfield></datafield><datafield ind1=" " ind2=" " tag="260"><subfield code="a">Adelaide</subfield><subfield code="b">Department Of Mathematical Physics</subfield><subfield code="c">1981</subfield></datafield><datafield ind1=" " ind2=" " tag="300"><subfield code="a">27 p</subfield></datafield><datafield ind1=" " ind2=" " tag="852"><subfield code="a">530.145(043)</subfield></datafield><datafield ind1=" " ind2=" " tag="CAT"><subfield code="a">SYS</subfield><subfield code="c">20170304</subfield><subfield code="h">151343</subfield></datafield></record></collection>